@book{paa_cn,
  title = {能量分析攻击},
  address = {北京},
  author = {Stefan Mangard and Elisabeth Oswald and Thomas Popp},
  translator = {冯登国 and 周永彬 and 刘继业},
  publisher = {科学出版社},
  year = {2010}
}

@book{paa_en,
  author = {Mangard, Stefan and Oswald, Elisabeth and Popp, Thomas},
  title = {Power Analysis Attacks: Revealing the Secrets of Smart Cards (Advances in Information Security)},
  year = {2007},
  isbn = {0387308571},
  publisher = {Springer-Verlag},
  address = {Berlin, Heidelberg},
}

@book{modern_cryptography,
 author = {Katz, Jonathan and Lindell, Yehuda},
 title = {Introduction to Modern Cryptography},
 year = {2007},
 isbn = {1584885513},
 publisher = {Chapman \& Hall/CRC},
}

@BOOK{cryptography_foundations, 
  author={Oded Goldreich}, 
  booktitle={Foundations of Cryptography:A Primer}, 
  title={Foundations of Cryptography:A Primer}, 
  year={2005},
  pages={132-}, 
  doi={10.1561/0400000001}, 
  publisher={Now Foundations and Trends}, 
  isbn={9781933019024}, 
  url={https://ieeexplore.ieee.org/xpl/articleDetails.jsp?arnumber=8187550},
}

@INBOOK{cryptography_basic, 
  author={Alan G. Konheim}, 
  booktitle={Hashing in Computer Science:Fifty Years of Slicing and Dicing}, 
  title={Basic Concepts of Cryptography}, 
  year={2010}, 
  pages={300-}, 
  doi={10.1002/9780470630617.ch6}, 
  publisher={Wiley Telecom}, 
  isbn={9780470630617}, 
  url={https://ieeexplore.ieee.org/xpl/articleDetails.jsp?arnumber=8041771}
}

@article{lte,
  title = {3GPP LTE国际加密标准ZUC算法},
  author = {冯秀涛},
  journal = {信息安全与通信保密},
  year = {2011}
}

@article{zuc_test,
  title = {题名: 祖冲之算法的国际标准化进展和终端一致性测试},
  author = {陈珺 and 田云飞 and 崔斌},
  journal = {电信网技术},
  year = {2012}
}

@misc{sca_ten_year,
  title={Side-Channel Attacks: Ten Years After Its Publication and the Impacts on Cryptographic Module Security Testing},
  url={http://eprint.iacr.org/2005/388},
  author={YongBin Zhou and DengGuo Feng},
  year={2005}
}

@techreport{zuc_standard,
  title = {GM/T 0001-2012. 祖冲之序列密码算法},
  year = {2012},
  address = {中国},
}

@misc{zuc_attack_tangming,
  title={Differential power analysis on ZUC algorithm},
  author={Ming, TANG and PingPan, CHENG and ZhenLong, QIU},
  url={https://eprint.iacr.org/2012/299.pdf},
  year={2012}
}

@article{zuc_fpga,
  title={基于FPGA的祖冲之算法研究与实现},
  author = {李歌 and 陶琳 and 高献伟},
  journal = {北京电子科技学院学报},
  year = {2012}
}

@INPROCEEDINGS{zuc_fpga_en, 
  author={P. Kitsos and N. Sklavos and A. N. Skodras}, 
  booktitle={2011 14th Euromicro Conference on Digital System Design}, 
  title={An FPGA Implementation of the ZUC Stream Cipher}, 
  year={2011},
  pages={814-817},
  doi={10.1109/DSD.2011.109}
}

@article{zuc_ren,
  title = {祖冲之算法分析及其硬件实现},
  author = {任高峰 and 乔树山 and 黑勇},
  journal = {电视技术},
  year = {2013}
}

@article{zuc_feng,
  title = {祖冲之序列密码算法},
  author = {冯秀涛},
  journal={信息安全研究},
  year= {2016}
}

@article{zuc_freq,
  title = {嵌入式平台下ZUC算法的侧信道频域攻击},
  author= {唐明 and 高剑 and 孙乐昊 and 邱镇龙},
  journal = {山东大学学报(理学版)},
  year = {2014}
}

@article{zuc_security,
  title = {祖冲之算法的安全分析},
  author= {杜红红 and 张文英},
  journal = {计算机技术与发展},
  year = {2012}
}

@article{zuc_iv,
  title ={ZUC序列密码算法的选择IV相关性能量分析攻击},
  author={严迎建 and 杨昌盛 and 李伟 and 张立朝},
  journal = {电子与信息学报},
  year = {2015}
}

@article{zuc_guess,
  title = {SNOW3G与ZUC流密码的猜测决定攻击},
  author= {关杰 and 丁林 and 刘树凯},
  journal = {软件学报},
  year = {2013}
}

@InProceedings{zuc_wu,
author="Wu, Hongjun
and Huang, Tao
and Nguyen, Phuong Ha
and Wang, Huaxiong
and Ling, San",
editor="Wang, Xiaoyun
and Sako, Kazue",
title="Differential Attacks against Stream Cipher ZUC",
booktitle="Advances in Cryptology -- ASIACRYPT 2012",
year="2012",
publisher="Springer Berlin Heidelberg",
address="Berlin, Heidelberg",
pages="262--277",
isbn="978-3-642-34961-4"
}

@INPROCEEDINGS{zuc_analyical, 
author={G. Orhanou and S. El Hajji and A. Lakbabi and Y. Bentaleb}, 
booktitle={2012 International Conference on Multimedia Computing and Systems}, 
title={Analytical evaluation of the stream cipher ZUC}, 
year={2012},
pages={927-930}, 
doi={10.1109/ICMCS.2012.6320128}, 
}

@InProceedings{stream_fischer,
author="Fischer, W.
and Gammel, B. M.
and Kniffler, O.
and Velten, J.",
editor="Abe, Masayuki",
title="Differential Power Analysis of Stream Ciphers",
booktitle="Topics in Cryptology -- CT-RSA 2007",
year="2006",
publisher="Springer Berlin Heidelberg",
address="Berlin, Heidelberg",
pages="257--270",
isbn="978-3-540-69328-4"
}

@article{stream_gu,
title = "Differential power analysis of stream ciphers with LFSRs",
journal = "Computers & Mathematics with Applications",
volume = "65",
number = "9",
pages = "1291 - 1299",
year = "2013",
note = "Advanced Information Security",
issn = "0898-1221",
doi = "https://doi.org/10.1016/j.camwa.2012.02.024",
url = "http://www.sciencedirect.com/science/article/pii/S0898122112001381",
author = "Bo Qu and Dawu Gu and Zheng Guo and Junrong Liu"
}

